@book{CUDA, 
   author = {{NVIDIA Corporation}}, 
   title = {NVIDIA CUDA Compute Unified Device Architecture Programming Guide}, 
   publisher = {NVIDIA Corporation}, 
   year = {2007}
}
@misc{pycuda,
  title = {PyCUDA},
  howpublished = {\url{https://mathema.tician.de/software/pycuda/}},
  note = {Accessed: 2017-02-20}
}
@misc{cudahist,
  title = {GPU Pro Tip: Fast Histograms Using Shared Atomics on Maxwell},
  howpublished = {\url{https://devblogs.nvidia.com/parallelforall/gpu-pro-tip-fast-histograms-using-shared-atomics-maxwell/}},
  note = {Accessed: 2017-02-20}
}
@misc{gh,
  title = {kwadraterry/GPGPU-LUT: Practical assignment for GPGPU course in LUT},
  howpublished = {\url{https://github.com/kwadraterry/GPGPU-LUT}},
  note = {Accessed: 2017-02-27}
}
